{
  "leader": "04223cam a2200637 i 4500",
  "fields": [
    {
      "001": "ocn903283968"
    },
    {
      "003": "OCoLC"
    },
    {
      "005": "20221228150606.0"
    },
    {
      "008": "150310s2015\\\\\\\\nyua\\\\\\\\\\b\\\\\\\\001\\0\\eng\\\\"
    },
    {
      "010": {
        "ind1": "\\",
        "ind2": "\\",
        "subfields": [
          {
            "a": "  2015007976"
          }
        ]
      }
    },
    {
      "040": {
        "ind1": "\\",
        "ind2": "\\",
        "subfields": [
          {
            "a": "DLC"
          },
          {
            "b": "eng"
          },
          {
            "e": "rda"
          },
          {
            "c": "DLC"
          },
          {
            "d": "YDXCP"
          },
          {
            "d": "BDX"
          },
          {
            "d": "BTCTA"
          },
          {
            "d": "OCLCF"
          },
          {
            "d": "CDX"
          },
          {
            "d": "VKC"
          },
          {
            "d": "MMX"
          },
          {
            "d": "IXA"
          },
          {
            "d": "ZCU"
          },
          {
            "d": "OCLCO"
          },
          {
            "d": "NLGGC"
          },
          {
            "d": "OCL"
          },
          {
            "d": "OCLCO"
          },
          {
            "d": "CHVBK"
          },
          {
            "d": "OCLCO"
          },
          {
            "d": "VP@"
          },
          {
            "d": "OCLCQ"
          },
          {
            "d": "OCLCO"
          },
          {
            "d": "OCL"
          },
          {
            "d": "OCLCO"
          },
          {
            "d": "S3O"
          },
          {
            "d": "OCLCO"
          },
          {
            "d": "PUL"
          },
          {
            "d": "OCL"
          },
          {
            "d": "TWTCL"
          },
          {
            "d": "NZHSD"
          },
          {
            "d": "IMD"
          },
          {
            "d": "OCLCO"
          },
          {
            "d": "OCL"
          },
          {
            "d": "UKTTE"
          },
          {
            "d": "SFR"
          },
          {
            "d": "YYP"
          },
          {
            "d": "OCL"
          },
          {
            "d": "AVA"
          },
          {
            "d": "OCLCA"
          },
          {
            "d": "OCLCQ"
          },
          {
            "d": "OCLCO"
          },
          {
            "d": "CNCCA"
          },
          {
            "d": "UKMGB"
          },
          {
            "d": "UX0"
          },
          {
            "d": "OCLCA"
          },
          {
            "d": "EUM"
          },
          {
            "d": "L2U"
          },
          {
            "d": "LUN"
          },
          {
            "d": "OCLCQ"
          },
          {
            "d": "OCLCO"
          }
        ]
      }
    },
    {
      "016": {
        "ind1": "7",
        "ind2": "\\",
        "subfields": [
          {
            "a": "017486785"
          },
          {
            "2": "Uk"
          }
        ]
      }
    },
    {
      "019": {
        "ind1": "\\",
        "ind2": "\\",
        "subfields": [
          {
            "a": "964386616"
          },
          {
            "a": "1008425646"
          },
          {
            "a": "1166961581"
          }
        ]
      }
    },
    {
      "020": {
        "ind1": "\\",
        "ind2": "\\",
        "subfields": [
          {
            "a": "9781580934336"
          },
          {
            "q": "(hardback)"
          }
        ]
      }
    },
    {
      "020": {
        "ind1": "\\",
        "ind2": "\\",
        "subfields": [
          {
            "a": "1580934331"
          },
          {
            "q": "(hardback)"
          }
        ]
      }
    },
    {
      "035": {
        "ind1": "\\",
        "ind2": "\\",
        "subfields": [
          {
            "a": "(OCoLC)903283968"
          },
          {
            "z": "(OCoLC)964386616"
          },
          {
            "z": "(OCoLC)1008425646"
          },
          {
            "z": "(OCoLC)1166961581"
          }
        ]
      }
    },
    {
      "037": {
        "ind1": "\\",
        "ind2": "\\",
        "subfields": [
          {
            "b": "Random House Inc, Attn Order Entry 400 Hahn rd, Westminster, MD, USA, 21157"
          },
          {
            "n": "SAN 201-3975"
          }
        ]
      }
    },
    {
      "042": {
        "ind1": "\\",
        "ind2": "\\",
        "subfields": [
          {
            "a": "pcc"
          }
        ]
      }
    },
    {
      "043": {
        "ind1": "\\",
        "ind2": "\\",
        "subfields": [
          {
            "a": "n-us---"
          }
        ]
      }
    },
    {
      "050": {
        "ind1": "0",
        "ind2": "0",
        "subfields": [
          {
            "a": "NK1404"
          },
          {
            "b": ".P37 2015"
          }
        ]
      }
    },
    {
      "082": {
        "ind1": "0",
        "ind2": "0",
        "subfields": [
          {
            "a": "745.40904"
          },
          {
            "b": "PAR"
          }
        ]
      }
    },
    {
      "245": {
        "ind1": "0",
        "ind2": "0",
        "subfields": [
          {
            "a": "Partners in design :"
          },
          {
            "b": "Alfred H. Barr Jr. and Philip Johnson /"
          },
          {
            "c": "edited by David A. Hanks ; essays by Donald Albrecht, Barry Bergdoll, Paul Galloway, David A. Hanks, Juliet Kinchin."
          }
        ]
      }
    },
    {
      "264": {
        "ind1": "\\",
        "ind2": "1",
        "subfields": [
          {
            "a": "New York :"
          },
          {
            "b": "The Monacelli Press,"
          },
          {
            "c": "2015."
          }
        ]
      }
    },
    {
      "264": {
        "ind1": "\\",
        "ind2": "4",
        "subfields": [
          {
            "c": "\u00a92015"
          }
        ]
      }
    },
    {
      "300": {
        "ind1": "\\",
        "ind2": "\\",
        "subfields": [
          {
            "a": "239 pages :"
          },
          {
            "b": "illustrations ;"
          },
          {
            "c": "29 cm"
          }
        ]
      }
    },
    {
      "336": {
        "ind1": "\\",
        "ind2": "\\",
        "subfields": [
          {
            "a": "text"
          },
          {
            "b": "txt"
          },
          {
            "2": "rdacontent"
          }
        ]
      }
    },
    {
      "336": {
        "ind1": "\\",
        "ind2": "\\",
        "subfields": [
          {
            "a": "still image"
          },
          {
            "b": "sti"
          },
          {
            "2": "rdacontent"
          }
        ]
      }
    },
    {
      "337": {
        "ind1": "\\",
        "ind2": "\\",
        "subfields": [
          {
            "a": "unmediated"
          },
          {
            "b": "n"
          },
          {
            "2": "rdamedia"
          }
        ]
      }
    },
    {
      "338": {
        "ind1": "\\",
        "ind2": "\\",
        "subfields": [
          {
            "a": "volume"
          },
          {
            "b": "nc"
          },
          {
            "2": "rdacarrier"
          }
        ]
      }
    },
    {
      "520": {
        "ind1": "\\",
        "ind2": "\\",
        "subfields": [
          {
            "a": "\"The story of Alfred Barr and Philip Johnson, two young men, now acknowledged as giants in the history of modernism, who changed the course of design in the United States. In the 1920s and 1930s a new aesthetic emerged in the United States, based on the principles of the Bauhaus in Germany: rational, functional design devoid of ornament and without reference to historical styles. Alfred H. Barr Jr., founding director of the Museum of Modern Art, and Philip Johnson, director of its architecture department, were the leading proponents of the modern approach. Using as their laboratories both MoMA and their own apartments in New York, Barr and Johnson experimented with new ideas in museum ideology, extending the scope beyond painting and sculpture to include design and film; with exhibitions of ordinary objects elevated to art by their elegant design; and with installations in dramatically lit galleries with smooth, white walls\"--"
          },
          {
            "c": "Provided by publisher."
          }
        ]
      }
    },
    {
      "505": {
        "ind1": "0",
        "ind2": "0",
        "subfields": [
          {
            "t": "The Bauhaus : Mecca of Modernism /"
          },
          {
            "r": "David A. Hanks --"
          },
          {
            "t": "The High Bohemia of 1930s Manhattan /"
          },
          {
            "r": "Donald Albrecht --"
          },
          {
            "t": "Laboratories for Modernism : The Johnson and Barr Apartments /"
          },
          {
            "r": "David A. Hanks --"
          },
          {
            "t": "Modernists Abroad -- Modern Architecture : International Exhibition /"
          },
          {
            "r": "Barry Bergdoll --"
          },
          {
            "t": "Machine Art : Elements of a New Beauty /"
          },
          {
            "r": "Juliet Kinchin --"
          },
          {
            "t": "Spreading the Gospel of Modern Design /"
          },
          {
            "r": "David A. Hanks."
          }
        ]
      }
    },
    {
      "504": {
        "ind1": "\\",
        "ind2": "\\",
        "subfields": [
          {
            "a": "Includes bibliographical references (page 227) and index."
          }
        ]
      }
    },
    {
      "600": {
        "ind1": "1",
        "ind2": "0",
        "subfields": [
          {
            "a": "Barr, Alfred H.,"
          },
          {
            "c": "Jr.,"
          },
          {
            "d": "1902-1981"
          },
          {
            "x": "Influence."
          }
        ]
      }
    },
    {
      "600": {
        "ind1": "1",
        "ind2": "0",
        "subfields": [
          {
            "a": "Johnson, Philip,"
          },
          {
            "d": "1906-2005"
          },
          {
            "x": "Influence."
          }
        ]
      }
    },
    {
      "610": {
        "ind1": "2",
        "ind2": "0",
        "subfields": [
          {
            "a": "Bauhaus"
          },
          {
            "x": "Influence."
          }
        ]
      }
    },
    {
      "650": {
        "ind1": "\\",
        "ind2": "0",
        "subfields": [
          {
            "a": "Design"
          },
          {
            "z": "United States"
          },
          {
            "x": "History"
          },
          {
            "y": "20th century."
          }
        ]
      }
    },
    {
      "650": {
        "ind1": "\\",
        "ind2": "0",
        "subfields": [
          {
            "a": "Modernism (Aesthetics)"
          },
          {
            "z": "United States"
          },
          {
            "x": "History"
          },
          {
            "y": "20th century."
          }
        ]
      }
    },
    {
      "600": {
        "ind1": "1",
        "ind2": "7",
        "subfields": [
          {
            "a": "Barr, Alfred H.,"
          },
          {
            "c": "Jr.,"
          },
          {
            "d": "1902-1981."
          },
          {
            "2": "fast"
          },
          {
            "0": "(OCoLC)fst01801970"
          }
        ]
      }
    },
    {
      "600": {
        "ind1": "1",
        "ind2": "7",
        "subfields": [
          {
            "a": "Johnson, Philip,"
          },
          {
            "d": "1906-2005."
          },
          {
            "2": "fast"
          },
          {
            "0": "(OCoLC)fst00038292"
          }
        ]
      }
    },
    {
      "610": {
        "ind1": "2",
        "ind2": "7",
        "subfields": [
          {
            "a": "Bauhaus."
          },
          {
            "2": "fast"
          },
          {
            "0": "(OCoLC)fst00554499"
          }
        ]
      }
    },
    {
      "650": {
        "ind1": "\\",
        "ind2": "7",
        "subfields": [
          {
            "a": "Design."
          },
          {
            "2": "fast"
          },
          {
            "0": "(OCoLC)fst00891253"
          }
        ]
      }
    },
    {
      "650": {
        "ind1": "\\",
        "ind2": "7",
        "subfields": [
          {
            "a": "Influence (Literary, artistic, etc.)"
          },
          {
            "2": "fast"
          },
          {
            "0": "(OCoLC)fst00972484"
          }
        ]
      }
    },
    {
      "650": {
        "ind1": "\\",
        "ind2": "7",
        "subfields": [
          {
            "a": "Modernism (Aesthetics)"
          },
          {
            "2": "fast"
          },
          {
            "0": "(OCoLC)fst01024439"
          }
        ]
      }
    },
    {
      "651": {
        "ind1": "\\",
        "ind2": "7",
        "subfields": [
          {
            "a": "United States."
          },
          {
            "2": "fast"
          },
          {
            "0": "(OCoLC)fst01204155"
          }
        ]
      }
    },
    {
      "648": {
        "ind1": "\\",
        "ind2": "7",
        "subfields": [
          {
            "a": "1900-1999"
          },
          {
            "2": "fast"
          }
        ]
      }
    },
    {
      "655": {
        "ind1": "\\",
        "ind2": "7",
        "subfields": [
          {
            "a": "Exhibition catalogs."
          },
          {
            "2": "fast"
          },
          {
            "0": "(OCoLC)fst01424028"
          }
        ]
      }
    },
    {
      "655": {
        "ind1": "\\",
        "ind2": "7",
        "subfields": [
          {
            "a": "History."
          },
          {
            "2": "fast"
          },
          {
            "0": "(OCoLC)fst01411628"
          }
        ]
      }
    },
    {
      "655": {
        "ind1": "\\",
        "ind2": "7",
        "subfields": [
          {
            "a": "Exhibition catalogs."
          },
          {
            "2": "lcgft"
          }
        ]
      }
    },
    {
      "700": {
        "ind1": "1",
        "ind2": "\\",
        "subfields": [
          {
            "a": "Hanks, David A.,"
          },
          {
            "e": "editor,"
          },
          {
            "e": "contributor."
          }
        ]
      }
    },
    {
      "700": {
        "ind1": "1",
        "ind2": "\\",
        "subfields": [
          {
            "a": "Albrecht, Donald,"
          },
          {
            "e": "contributor."
          }
        ]
      }
    },
    {
      "700": {
        "ind1": "1",
        "ind2": "\\",
        "subfields": [
          {
            "a": "Bergdoll, Barry,"
          },
          {
            "e": "contributor."
          }
        ]
      }
    },
    {
      "700": {
        "ind1": "1",
        "ind2": "\\",
        "subfields": [
          {
            "a": "Galloway, Paul,"
          },
          {
            "d": "1977-"
          },
          {
            "e": "contributor."
          }
        ]
      }
    },
    {
      "700": {
        "ind1": "1",
        "ind2": "\\",
        "subfields": [
          {
            "a": "Kinchin, Juliet,"
          },
          {
            "e": "contributor."
          }
        ]
      }
    },
    {
      "994": {
        "ind1": "\\",
        "ind2": "\\",
        "subfields": [
          {
            "a": "Z0"
          },
          {
            "b": "NYRVC"
          }
        ]
      }
    },
    {
      "948": {
        "ind1": "\\",
        "ind2": "\\",
        "subfields": [
          {
            "h": "NO HOLDINGS IN NYRVC - 271 OTHER HOLDINGS"
          }
        ]
      }
    },
    {
      "999": {
        "ind1": "\\",
        "ind2": "\\",
        "subfields": [
          {
            "a": "00000000026547"
          }
        ]
      }
    }
  ]
}